@article{casanova2021eduwrench,
  title={{Teaching Parallel and Distributed Computing Concepts in Simulation with WRENCH}},
  author={Casanova, H. and Tanaka, R. and Koch, W. and da Silva, R. Ferreira},
  yest={2021},
  journal={Journal of Parallel and Distributed Computing},
  volume={156}, 
  year = {2021}
}

@article{garijo2014common,
  title = {Common motifs in scientific workflows: An empirical analysis},
  author = {Garijo, Daniel and Alper, Pinar and Belhajjame, Khalid and Corcho, Oscar and Gil, Yolanda and Goble, Carole},
  year = 2014,
  journal = {Future Generation Computer Systems},
  volume = 36,
  doi = {10.1016/j.future.2013.09.018}
}

@misc{eduwrench,
  title={{The EduWRENCH Pedagogic Modules}},
  key={eduwrench},
  howpublished={\url{https://eduwrench.org}},
  year={2021}
}

@misc{ferreiradasilva2021wcs,
  author = {Ferreira da Silva, Rafael and Casanova, Henri and Chard, Kyle and Laney, Dan and Ahn, Dong and Jha, Shantenu and Goble, Carole and Ramakrishnan, Lavanya and others},
  title = {{Workflows Community Summit: Bringing the Scientific Workflows Community Together}},
  month = mar,
  year = {2021},
  publisher = {Zenodo},
  doi = {10.5281/zenodo.4606958}
}

@misc{wcs2021technical,
  author = {Ferreira da Silva, Rafael and Casanova, Henri and Chard, Kyle and others},
  title = {{Workflows Community Summit: Advancing the State-of-the-art of Scientific Workflows Management Systems Research and Development}},
  month = jun,
  year = {2021},
  publisher = {Zenodo},
  doi = {10.5281/zenodo.4915801}
}

@article{wilkinson2016fair,
  doi = {10.1038/sdata.2016.18},
  year = {2016},
  volume = {3},
  number = {1},
  author = {Mark D. Wilkinson and Michel Dumontier and IJsbrand Jan Aalbersberg and Gabrielle Appleton and Myles Axton and Arie Baak and others},
  title = {The {FAIR} Guiding Principles for scientific data management and stewardship},
  journal = {Scientific Data}
}

@article{ferreiradasilva-fgcs-2017,
  title = {A Characterization of Workflow Management Systems for Extreme-Scale Applications},
  author = {Ferreira da Silva, Rafael and Filgueira, Rosa and Pietri, Ilia and Jiang, Ming and others},
  journal = {Future Generation Computer Systems},
  volume = {75},
  number = {},
  year = {2017},
  doi = {10.1016/j.future.2017.02.026}
}

@misc{workflow-systems,
  title = {Existing Workflow systems},
  howpublished = {\url{https://s.apache.org/existing-workflow-systems}},
  year = {2021}
}

@article{deelman2018future,
  title={The future of scientific workflows},
  author={Deelman, Ewa and others},
  journal={International Journal of High Performance Computing Applications},
  volume={32},
  year={2018},
}

@misc{workflowsri,
  key = {workflowsri},
  title = {{workflowsRI}},
  howpublished = {https://workflowsri.org},
  year = {2021}
}

@misc{exaworks,
  key = {exaworks},
  title = {{ExaWorks}},
  howpublished = {\url{https://exaworks.org}},
  year = {2021}
}

@article{al2021exaworks,
  title={{ExaWorks: Workflows for Exascale}},
  author={Al-Saadi, Aymen and Ahn, Dong H and Babuji, Yadu and Chard, Kyle and Corbett, James and Hategan, Mihael and Herbein, Stephen and Jha, Shantenu and Laney, Daniel and Merzky, Andre and others},
  journal={arXiv preprint arXiv:2108.13521},
  year={2021}
}

@article{goble2020,
  title={{FAIR Computational Workflows}},
  author={Goble, Carole and Cohen-Boulakia, Sarah and Soiland-Reyes, Stian and Garijo, Daniel and Gil, Yolanda and Crusoe, Michael R. and Peters, Kristian and Schober, Daniel},
  journal={Data Intelligence},
  volume={2},
  number={1-2},
  year={2020},
  doi={10.1162/dint_a_00033},
}

@article{katz2021taking,
  title={{Taking a fresh look at FAIR for research software}},
  author={Katz, Daniel S and Gruenpeter, Morane and Honeyman, Tom},
  journal={Patterns},
  volume={2},
  number={3},
  year={2021},
  doi={10.1016/j.patter.2021.100222}
}

@misc{acm-badges,
  key={acm-badges},
  title={{Software and Data Artifacts in the ACM Digital Library}},
  howpublished={\url{https://www.acm.org/publications/artifacts}},
  year={2021}
}

@misc{fair4rs,
  key = {fair4rs},
  title = {{FAIR for Research Software (FAIR4RS) WG}},
  howpublished = {\url{https://www.rd-alliance.org/groups/fair-research-software-fair4rs-wg}},
  year = {2021}
}

@article{monteil2020nine,
  title = {Nine Best Practices for Research Software Registries and Repositories: A Concise Guide},
  author = {Monteil, Alain and others},
  journal = {arXiv:2012.13117},
  year = {2020}
}

@misc{workflowhub,
  key = {workflowhub},
  title = {{WorkflowHub.eu}},
  howpublished = {\url{https://workflowhub.eu}},
  year = {2021}
}

@article{oliveira2018provenance,
  title={Provenance analytics for workflow-based computational experiments: A survey},
  author={Oliveira, Wellington and others},
  journal={ACM Computing Surveys (CSUR)},
  volume={51},
  number={3},
  year={2018},
}

@article{zhou2017machine,
  title={Machine learning on big data: Opportunities and challenges},
  author={Zhou, Lina and Pan, Shimei and Wang, Jianwu and Vasilakos, Athanasios V},
  journal={Neurocomputing},
  volume={237},
  year={2017},
}

@inproceedings{akiba2019optuna,
  title={Optuna: A next-generation hyperparameter optimization framework},
  author={Akiba, Takuya and Sano, Shotaro and Yanase, Toshihiko and others},
  booktitle={25th ACM SIGKDD international conference on knowledge discovery \& data mining},
  year={2019}
}

@inproceedings{bergstra2013hyperopt,
  title={Hyperopt: A python library for optimizing the hyperparameters of machine learning algorithms},
  author={Bergstra, James and others},
  booktitle={12th Python in science conference},
  volume={13},
  year={2013}
}

@article{wozniak2018,
	title = {{CANDLE}/{Supervisor}: a workflow framework for machine learning applied to cancer research},
	volume = {19},
	doi = {10.1186/s12859-018-2508-4},
	number = {18},
	journal = {BMC Bioinformatics},
	author = {Wozniak, Justin M. and Jain, Rajeev and Balaprakash, Prasanna and Ozik, Jonathan and others},
	year = {2018},
}

@inproceedings{lbann,
  author = {Van Essen, Brian and Kim, Hyojin and Pearce, Roger and Boakye, Kofi and Chen, Barry},
  title = {LBANN: Livermore Big Artificial Neural Network HPC Toolkit},
  year = {2015},
  doi = {10.1145/2834892.2834897},
  booktitle = {Workshop on Machine Learning in High-Performance Computing Environments},
}

@inproceedings{ozik2016,
	title = {From desktop to {Large}-{Scale} {Model} {Exploration} with {Swift}/{T}},
	doi = {10.1109/WSC.2016.7822090},
	booktitle = {2016 {Winter} {Simulation} {Conference} ({WSC})},
	author = {Ozik, Jonathan and others},
	year = {2016},
}

@misc{mlcommons,
  key = {mlcommons},
  title = {{ML Commons}},
  howpublished = {\url{https://mlcommons.org/en/}},
  year = {2021}
}

@article{fursin2020collective,
  title={Collective Knowledge: organizing research projects as a database of reusable components and portable workflows with common APIs},
  author={Fursin, Grigori},
  journal={arXiv:2011.01149},
  year={2020}
}

@article{ahn2020flux,
  title={Flux: Overcoming scheduling challenges for exascale workflows},
  author={Ahn, Dong H and others},
  journal={Future Generation Computer Systems},
  volume={110},
  year={2020},
}

@article{heldens2020landscape,
  title={The landscape of exascale research: A data-driven literature analysis},
  author={Heldens, Stijn and others},
  journal={ACM Computing Surveys},
  volume={53},
  number={2},
  year={2020},
}

@inproceedings{prathiba2017survey,
  title={Survey of failures and fault tolerance in cloud},
  author={Prathiba, Soma and Sowvarnica, S},
  booktitle={2nd International Conference on Computing and Communications Technologies (ICCCT)},
  year={2017}
}

@article{ewels2020nf,
  title={The nf-core framework for community-curated bioinformatics pipelines},
  author={Ewels, Philip A and others},
  journal={Nature biotechnology},
  volume={38},
  number={3},
  year={2020},
}

@misc{nersc-workflows,
  key = {nersc-workflows},
  title = {{NERSC Workflow Management Tools}},
  howpublished = {\url{https://docs.nersc.gov/jobs/workflow-tools/}},
  year = {2021}
}  

@misc{openebench,
  key = {openebench},
  title = {{OpenEBench}},
  howpublished = {\url{https://openebench.bsc.es}},
  year = {2021}
}

@article{terstyanszky2014enabling,
  title={Enabling scientific workflow sharing through coarse-grained interoperability},
  author={Terstyanszky, Gabor and others},
  journal={Future Generation Computer Systems},
  volume={37},
  year={2014},
}

@misc{cwl-annotations,
  key = {cwl-annotations},
  title = {{Common Workflow Language: Metadata and Annotations}},
  howpublished = {\url{https://www.commonwl.org/user_guide/17-metadata/index.html}},
  year = {2021}
}

@misc{JLESC-common-registry,
  title={{JLESC} research project: A common workflow registry of compute endpoints and applications},
  author={Daniel S. Katz and Rosa M. Badia and Chard Kyle and Jorge Ejarque},
  howpublished= {\url{https://jlesc.github.io/projects/workflow-endpoint-registry/}},
  year=2020,
}

@misc{ga4gh,
  key = {ga4gh},
  title = {{GA4GH-DREAM Workflow Execution Challenge}},
  howpublished = {\url{http://dx.doi.org/10.7303/syn8507133}},
  year = {2021}
}

@inproceedings{chard2020funcx,
  title={FuncX: A federated function serving fabric for science},
  author={Chard, Ryan and Babuji, Yadu and Li, Zhuozhao and others},
  booktitle={29th International Symposium on High-Performance Parallel and Distributed Computing},
  year={2020}
}

@inproceedings{smirnov2020apollo,
  title={Apollo: Modular and Distributed Runtime System for Serverless Function Compositions on Cloud, Edge, and IoT Resources},
  author={Smirnov, Fedor and others},
  booktitle={1st Workshop on High Performance Serverless Computing},
  year={2020}
}

@misc{workflowpatterns,
  key = {workflowpatterns},
  title = {{Workflow Patterns}},
  howpublished = {\url{http://workflowpatterns.com}},
  year = {2021}
}

@misc{swcarpentry,
  key = {swcarpentry},
  title = {{Software Carpentry}},
  howpublished = {\url{https://software-carpentry.org}},
  year = {2021}
}

@misc{galaxy,
  key = {galaxy},
  title = {{Galaxy Community Hub}},
  howpublished = {\url{https://galaxyproject.org}},
  year = {2021}
}

@article{katz2016application,
  title={Application skeletons: Construction and use in eScience},
  author={Katz, Daniel S and Merzky, Andre and others},
  journal={Future Generation Computer Systems},
  volume={59},
  year={2016},
}

@article{coleman2021wfcommons,
  title={WfCommons: A Framework for Enabling Scientific Workflow Research and Development},
  author={Coleman, Tain{\~a} and Casanova, Henri and Pottier, Lo{\"\i}c and Kaushik, Manav and Deelman, Ewa and da Silva, Rafael Ferreira},
  journal={Future Generation Computer Systems},
  year={2021}
}

@article{cwl,
  title={Methods Included: Standardizing Computational Reuse and Portability with the Common Workflow Language}, 
  author={Michael R. Crusoe and Sanne Abeln and Alexandru Iosup and others},
  year={2021},
  journal={Communications of the ACM},
  doi={10.1145/3486897},
}

@article{rocrate,
  title={Packaging research artefacts with RO-Crate},
  author={Stian Soiland-Reyes and Peter Sefton and Mercè Crosas and Leyla Jael Castro and Frederik Coppens and others},
  year={2021},
  journal={Data Science},
}

@misc{bioschemas-ComputationalWorkflow,
    title={ComputationalWorkflow: Bioschemas specification for describing a Computational Workflow},
    author={Alan Williams and others},
    year={2021},
    publisher={Bioschemas Community},
    url={https://bioschemas.org/profiles/ComputationalWorkflow/1.0-RELEASE}
}

@inproceedings{arshad2015definition,
  title={A Definition and Analysis of the Role of Meta-workflows in Workflow Interoperability},
  author={Arshad, Junaid and Terstyanszky, Gabor and Kiss, Tamas and Weingarten, Noam},
  booktitle={7th International Workshop on Science Gateways},
  year={2015},
}

@article{Fursin_2021,
	doi = {10.1098/rsta.2020.0211},
	year = 2021,
	volume = {379},
	number = {2197},
	author = {Grigori Fursin},
	title = {Collective knowledge: organizing research projects as a database of reusable components and portable workflows with common interfaces},
	journal = {Philosophical Transactions of the Royal Society A}
} 

@article{schiefer2020portability,
  title={Portability of scientific workflows in NGS data analysis: a case study},
  author={Schiefer, Christopher and others},
  journal={arXiv preprint arXiv:2006.03104},
  year={2020}
}

@article{turilli2019middleware,
  title={Middleware building blocks for workflow systems},
  author={Turilli, Matteo and others},
  journal={Computing in Science \& Engineering},
  volume={21},
  number={4},
  year={2019},
}

@article{billings2017toward,
  title={Toward Common Components for Open Workflow Systems},
  author={Billings, Jay Jay and Jha, Shantenu},
  journal={arXiv preprint arXiv:1710.06774},
  year={2017}
}

@misc{sgci,
  key={sgci},
  title={{SGCI Resource Inventory}},
  howpublished={\url{https://github.com/SGCI/sgci-resource-inventory}},
  year={2021}
}

@incollection{alt2020oauth,
  title={OAuth SSH with Globus Auth},
  author={Alt, Jason and others},
  booktitle={Practice and Experience in Advanced Research Computing},
  year={2020}
}

@incollection{withers2018scitokens,
  title={SciTokens: Capability-based secure access to remote scientific data},
  author={Withers, Alex and Bockelman, Brian and Weitzel, Derek and others},
  booktitle={Practice and Experience on Advanced Research Computing},
  year={2018}
}

@misc{SDCblog,
  author={Daniel S. Katz},
  title={Introducing the Software Development Curve},
  year=2021,
  month=may,
  howpublished={https://danielskatzblog.wordpress.com/2021/05/14/software-development-curve/},
  }
  

@article{ozik_population_2021,
	title = {A population data-driven workflow for {COVID}-19 modeling and learning},
	volume = {35},
	doi = {10.1177/10943420211035164},
	number = {5},
	journal = {The International Journal of High Performance Computing Applications},
	author = {Ozik, Jonathan and Wozniak, Justin M and others},
	year = {2021}
}

@inproceedings{LFB+21,
   author = {Lehmann, Fabian  and Frantz, David  and others},
   title = {FORCE on Nextflow: Scalable Analysis of Earth Observation data on Commodity Clusters},
   booktitle = {Int. Workshop on Complex Data Challenges in Earth Observation},
   year = {2021}
  }

@article{malawski2020serverless,
  title={Serverless execution of scientific workflows: Experiments with hyperflow, aws lambda and google cloud functions},
  author={Malawski, Maciej and Gajek, Adam and others},
  journal={Future Generation Computer Systems},
  volume={110},
  year={2020},
}

@article{eflows,
  title={Enabling Dynamic and Intelligent Workflows for HPC, Big Data, and AI Convergence},
  author={Ejarque, Jorge and Badia, Rosa and others},
  journal={Future Generation Computing Systems},
  volume={under review},
  year={2021}}
  
@article{badia2017workflows,
  title={Workflows for science: A challenge when facing the convergence of HPC and big data},
  author={Badia Sala, Rosa Maria and others},
  journal={Supercomputing frontiers and innovations},
  volume={4},
  number={1},
  year={2017}
}  

@article{deelman2009workflows,
  title={Workflows and e-Science: An overview of workflow system features and capabilities},
  author={Deelman, Ewa and others},
  volume={25},
  number={5},
  year={2009},
}

@article{dagon,
  title = "An efficient pattern-based approach for workflow supporting large-scale science: The DagOnStar experience",
  author = "{Domizzi S{\'a}nchez-Gallegos}, Dante and others",
  year = "2021",
  doi = "10.1016/j.future.2021.03.017",
  volume = "122",
  journal = "Future Generation Computer Systems",
}

@misc{merlin,
  title={Enabling Machine Learning-Ready {HPC} Ensembles with Merlin}, 
  author={J. Luc Peterson and Ben Bay and Joe Koning and Peter Robinson and others},
  year={2021},
  eprint={1912.02892},
  archivePrefix={arXiv}
}

@misc{fair4vre,
  key={fair4vre},
  title={{FAIR for Virtual Research Environments WG}},
  howpublished={\url{https://www.rd-alliance.org/groups/fair-virtual-research-environments-wg}},
  year={2021}
}

@article{yuen2021dockstore,
  title={The Dockstore: enhancing a community platform for sharing reproducible and accessible computational protocols},
  author={Yuen, Denis and others},
  journal={Nucleic Acids Research},
  year={2021},
}

@INPROCEEDINGS{tuecke16globus,
  author={Tuecke, Steven and Ananthakrishnan, Rachana and Chard, Kyle and Lidman, Mattias and McCollam, Brendan and Rosen, Stephen and Foster, Ian},
  booktitle={12th IEEE International Conference on e-Science (e-Science)}, 
  title={Globus auth: A research identity and access management platform}, 
  year={2016},
  volume={},
  number={},
  pages={203-212},
  doi={10.1109/eScience.2016.7870901}}